<?xml version="1.0" encoding="UTF-8"?><record xmlns="http://www.loc.gov/MARC21/slim" xmlns:cinclude="http://apache.org/cocoon/include/1.0" xmlns:zs="http://www.loc.gov/zing/srw/">
  <leader>00894nz  a2200181n  4500</leader>
  <controlfield tag="001">no2015148219</controlfield>
  <controlfield tag="003">DLC</controlfield>
  <controlfield tag="005">20151106073530.0</controlfield>
  <controlfield tag="008">151105n| azannaabn          |n aaa     c</controlfield>
  <datafield tag="010" ind1=" " ind2=" ">
    <subfield code="a">no2015148219</subfield>
  </datafield>
  <datafield tag="035" ind1=" " ind2=" ">
    <subfield code="a">(OCoLC)oca10313666</subfield>
  </datafield>
  <datafield tag="040" ind1=" " ind2=" ">
    <subfield code="a">UCS</subfield>
    <subfield code="b">eng</subfield>
    <subfield code="e">rda</subfield>
    <subfield code="c">UCS</subfield>
  </datafield>
  <datafield tag="100" ind1="1" ind2=" ">
    <subfield code="a">Gatski, Barbara</subfield>
  </datafield>
  <datafield tag="372" ind1=" " ind2=" ">
    <subfield code="a">Teaching</subfield>
  </datafield>
  <datafield tag="373" ind1=" " ind2=" ">
    <subfield code="a">Millbrook School</subfield>
  </datafield>
  <datafield tag="374" ind1=" " ind2=" ">
    <subfield code="a">Spanish Teacher</subfield>
  </datafield>
  <datafield tag="375" ind1=" " ind2=" ">
    <subfield code="a">female</subfield>
  </datafield>
  <datafield tag="670" ind1=" " ind2=" ">
    <subfield code="a">Gatski, Barbara. Triangulo Aprobado, 2013:</subfield>
    <subfield code="b">title page ([by Barbara Gatski &amp; John McMullan]); page 327 (Triangulo Author Bios: Barbara Gatski teaches Spanish at the Millbrook School in Millbrook, New York, where she is the Department Head of World Languages. She has taught AP Language for over twenty years. Barbara received a Fulbright Grant and lived and taught in Argentina in 2004-2005. She received her Masters Degree in Spanish Language and Literature from Middlebury College.)</subfield>
  </datafield>
</record>